
@inproceedings{parikh_decomposable_2016,
  title = {A {{Decomposable Attention Model}} for {{Natural Language Inference}}},
  abstract = {We propose a simple neural architecture for natural language inference. Our approach uses attention to decompose the problem into subproblems that can be solved separately, thus making it trivially parallelizable. On the Stanford Natural Language Inference (SNLI) dataset, we obtain state-of-the-art results with almost an order of magnitude fewer parameters than previous work and without relying on any word-order information. Adding intra-sentence attention that takes a minimum amount of order into account yields further improvements.},
  timestamp = {2017-05-04T12:52:45Z},
  archivePrefix = {arXiv},
  eprinttype = {arxiv},
  eprint = {1606.01933},
  primaryClass = {cs},
  urldate = {2017-05-04},
  booktitle = {{{arXiv}}:1606.01933 [Cs]},
  author = {Parikh, Ankur P. and T{\"a}ckstr{\"o}m, Oscar and Das, Dipanjan and Uszkoreit, Jakob},
  month = jun,
  year = {2016},
  keywords = {Computer Science - Computation and Language},
  annote = {Comment: 7 pages, 1 figure, Proceeedings of EMNLP 2016},
  file = {arXiv\:1606.01933 PDF:C\:\\Users\\Steven\\AppData\\Roaming\\Zotero\\Zotero\\Profiles\\saqfyy2m.default\\zotero\\storage\\BEIEP2R6\\Parikh et al. - 2016 - A Decomposable Attention Model for Natural Languag.pdf:application/pdf;arXiv.org Snapshot:C\:\\Users\\Steven\\AppData\\Roaming\\Zotero\\Zotero\\Profiles\\saqfyy2m.default\\zotero\\storage\\9JRTEXKA\\1606.html:text/html}
}

@inproceedings{snli:emnlp2015,
  title = {A Large Annotated Corpus for Learning Natural Language Inference},
  timestamp = {2017-05-05T12:15:55Z},
  booktitle = {Proceedings of the 2015 {{Conference}} on {{Empirical Methods}} in {{Natural Language Processing}} ({{EMNLP}})},
  publisher = {{Association for Computational Linguistics}},
  author = {Bowman, Samuel R. and Angeli, Gabor and Potts, Christopher and Manning, Christopher D.},
  year = {2015},
  file = {Bowman et al. - 2015 - A large annotated corpus for learning natural lang.pdf:C\:\\Users\\Steven\\AppData\\Roaming\\Zotero\\Zotero\\Profiles\\saqfyy2m.default\\zotero\\storage\\SFWQCBAM\\Bowman et al. - 2015 - A large annotated corpus for learning natural lang.pdf:application/pdf}
}


